% This file was created with JabRef 2.5.
% Encoding: UTF-8

% privacy control systems

@inproceedings{halderman2004privacy,
  title={Privacy management for portable recording devices},
  author={Halderman, J Alex and Waters, Brent and Felten, Edward W},
  booktitle={Proceedings of the 2004 ACM workshop on Privacy in the electronic society},
  pages={16--24},
  year={2004},
  organization={ACM}
}

@incollection{schiff2009respectful,
  title={Respectful cameras: Detecting visual markers in real-time to address privacy concerns},
  author={Schiff, Jeremy and Meingast, Marci and Mulligan, Deirdre K and Sastry, Shankar and Goldberg, Ken},
  booktitle={Protecting Privacy in Video Surveillance},
  pages={65--89},
  year={2009},
  publisher={Springer}
}

@inproceedings{chinomi2008prisurv,
  title={PriSurv: privacy protected video surveillance system using adaptive visual abstraction},
  author={Chinomi, Kenta and Nitta, Naoko and Ito, Yoshimichi and Babaguchi, Noboru},
  booktitle={International Conference on Multimedia Modeling},
  pages={144--154},
  year={2008},
  organization={Springer}
}

@inproceedings{jana2013enabling,
  title={Enabling fine-grained permissions for augmented reality applications with recognizers},
  author={Jana, Suman and Molnar, David and Moshchuk, Alexander and Dunn, Alan and Livshits, Benjamin and Wang, Helen J and Ofek, Eyal},
  booktitle={Presented as part of the 22nd USENIX Security Symposium (USENIX Security 13)},
  pages={415--430},
  year={2013}
}

@inproceedings{jana2013scanner,
  title={A Scanner Darkly: Protecting user privacy from perceptual applications},
  author={Jana, Suman and Narayanan, Arvind and Shmatikov, Vitaly},
  booktitle={Security and Privacy (SP), 2013 IEEE Symposium on},
  pages={349--363},
  year={2013},
  organization={IEEE}
}

@inproceedings{denning2014situ,
  title={In situ with bystanders of augmented reality glasses: Perspectives on recording and privacy-mediating technologies},
  author={Denning, Tamara and Dehlawi, Zakariya and Kohno, Tadayoshi},
  booktitle={Proceedings of the 32nd annual ACM conference on Human factors in computing systems},
  pages={2377--2386},
  year={2014},
  organization={ACM}
}

@inproceedings{roesner2014world,
  title={World-driven access control for continuous sensing},
  author={Roesner, Franziska and Molnar, David and Moshchuk, Alexander and Kohno, Tadayoshi and Wang, Helen J},
  booktitle={Proceedings of the 2014 ACM SIGSAC Conference on Computer and Communications Security},
  pages={1169--1181},
  year={2014},
  organization={ACM}
}

@inproceedings{jung2014courteous,
  title={Courteous glass},
  author={Jung, Jaeyeon and Philipose, Matthai},
  booktitle={Proceedings of the 2014 ACM International Joint Conference on Pervasive and Ubiquitous Computing: Adjunct Publication},
  pages={1307--1312},
  year={2014},
  organization={ACM}
}

@inproceedings{hoyle2014privacy,
  title={Privacy behaviors of lifeloggers using wearable cameras},
  author={Hoyle, Roberto and Templeman, Robert and Armes, Steven and Anthony, Denise and Crandall, David and Kapadia, Apu},
  booktitle={Proceedings of the 2014 ACM International Joint Conference on Pervasive and Ubiquitous Computing},
  pages={571--582},
  year={2014},
  organization={ACM}
}

@inproceedings{bo2014privacy,
  title={Privacy. tag: Privacy concern expressed and respected},
  author={Bo, Cheng and Shen, Guobin and Liu, Jie and Li, Xiang-Yang and Zhang, YongGuang and Zhao, Feng},
  booktitle={Proceedings of the 12th ACM Conference on Embedded Network Sensor Systems},
  pages={163--176},
  year={2014},
  organization={ACM}
}

@inproceedings{templeman2014placeavoider,
  title={PlaceAvoider: Steering First-Person Cameras away from Sensitive Spaces.},
  author={Templeman, Robert and Korayem, Mohammed and Crandall, David J and Kapadia, Apu},
  booktitle={NDSS},
  year={2014}
}

@article{korayem2014screenavoider,
  title={Screenavoider: Protecting computer screens from ubiquitous cameras},
  author={Korayem, Mohammed and Templeman, Robert and Chen, Dennis and Crandall, David and Kapadia, Apu},
  journal={arXiv preprint arXiv:1412.0008},
  year={2014}
}

@inproceedings{hoyle2015sensitive,
  title={Sensitive lifelogs: A privacy analysis of photos from wearable cameras},
  author={Hoyle, Roberto and Templeman, Robert and Anthony, Denise and Crandall, David and Kapadia, Apu},
  booktitle={Proceedings of the 33rd Annual ACM Conference on Human Factors in Computing Systems},
  pages={1645--1648},
  year={2015},
  organization={ACM}
}

@inproceedings{raval2016you,
  title={What you mark is what apps see},
  author={Raval, Nisarg and Srivastava, Animesh and Razeen, Ali and Lebeck, Kiron and Machanavajjhala, Ashwin and Cox, Landon P}
}

@inproceedings{Raval:2016:YMA:2906388.2906405,
  title={What You Mark is What Apps See},
  author={Raval, Nisarg and Srivastava, Animesh and Razeen, Ali and Lebeck, Kiron and Machanavajjhala, Ashwin and Cox, Lanodn P.},
  booktitle={Proceedings of the 14th Annual International Conference on Mobile Systems, Applications, and Services (New York, NY, USA, 2016), MobiSys},
  volume={16},
  year={2016},
}


@inproceedings{aditya2016pic,
  title={I-pic: A platform for privacy-compliant image capture},
  author={Aditya, Paarijaat and Sen, Rijurekha and Druschel, Peter and Oh, Seong Joon and Benenson, Rodrigo and Fritz, Mario and Schiele, Bernt and Bhattacharjee, Bobby and Wu, Tong Tong},
  booktitle={Proceedings of the 14th Annual International Conference on Mobile Systems, Applications, and Services (New York, NY, USA, 2016), MobiSys},
  volume={16},
  year={2016}
}


% deep learning

@inproceedings{krizhevsky2012imagenet,
  title={Imagenet classification with deep convolutional neural networks},
  author={Krizhevsky, Alex and Sutskever, Ilya and Hinton, Geoffrey E},
  booktitle={Advances in neural information processing systems},
  pages={1097--1105},
  year={2012}
}
